<?xml version="1.0" encoding="UTF-8"?><collection xmlns="http://www.loc.gov/MARC21/slim"><record><leader>00321nam--2200121-i-4500</leader><controlfield tag="001">000029317</controlfield><controlfield tag="002">20161230</controlfield><controlfield tag="005">20161230201037</controlfield><controlfield tag="008">060222s1000------------r-----000-0-eng-d</controlfield><datafield ind1=" " ind2=" " tag="100"><subfield code="a">Larrivee, Jules A And Stibitz G.R</subfield></datafield><datafield ind1=" " ind2=" " tag="245"><subfield code="a">Mathematics and computers</subfield></datafield><datafield ind1=" " ind2=" " tag="260"><subfield code="a">Neew York, Mc Graw-hill, 1957, Vii + 228p</subfield></datafield><datafield ind1=" " ind2=" " tag="852"><subfield code="a">12660</subfield></datafield></record></collection>